@STRING{jolli   = "Journal of Logic, Language and Information" }@STRING{jsl     = "Journal of Symbolic Logic" }@STRING{sl      = "Studia Logica" }@STRING{jphl    = "Journal of Philosophical Logic" }@STRING{illc    = "Institute for Logic, Language and Computation, University                  of Amsterdam" }@STRING{ai      = "Artificial Intelligence" }@STRING{amst    = "American Mathematical Society Translations" }@STRING{jlc     = "Journal of Logic and Computation" }@STRING{jacm    = "Journal of the Association for Computing Machinery" }@book{BBW06, author = {P. Blackburn and J. van Benthem and F. Wolter}, title = {Handbook of Modal Logic, Volume 3 (Studies in Logic and Practical Reasoning)}, year = {2006}, publisher = {Elsevier Science Inc.}, address = {New York, NY, USA}, }@article{KR99, author = {N. Kurtonina and de M. de Rijke}, title = {Expressiveness of concept expressions in first-order description logics}, journal = {Artif. Intell.}, volume = {107}, number = {2}, year = {1999}, issn = {0004-3702}, pages = {303--333}, doi = {http://dx.doi.org/10.1016/S0004-3702(98)00109-X}, publisher = {Elsevier Science Publishers Ltd.}, address = {Essex, UK}, }@article{KR97, author = {N. Kurtonina and M. de Rijke}, title = {Simulating without Negation}, journal = {Journal of Logic and Computation}, volume = {7}, year = {1997}, pages = {503--524}, }@article{PT87, author = {R. Paige and R. Tarjan}, title = {Three partition refinement algorithms}, journal = {SIAM J. Comput.}, volume = {16}, number = {6}, year = {1987}, issn = {0097-5397}, pages = {973--989}, doi = {http://dx.doi.org/10.1137/0216062}, publisher = {Society for Industrial and Applied Mathematics}, address = {Philadelphia, PA, USA}, }@article{S08, author = {D. Sangiorgi}, title = {On the origins of bisimulation and coinduction}, journal = {ACM Trans. Program. Lang. Syst.}, volume = {31}, number = {4}, year = {2009}, issn = {0164-0925}, pages = {1--41}, doi = {http://doi.acm.org/10.1145/1516507.1516510}, publisher = {ACM}, address = {New York, NY, USA}, }@MISC{GLYC,    author = {Research Lab},    howpublished = {{Dept. Comp. Sci., FCEN, UBA, Argentina}},    title = {{GLyC (Group in Logic, Language and Computability)}},    note = {http://www.glyc.uba.ar}    }@MISC{LSV,    author = {Research Lab},    howpublished = {{<C9>cole normale sup<E9>rieure de Cachan, France}},    title = {{LSV (Laboratorie de Sp<E9>cificacion et V<E9>rification)}},    note = {http://www.lsv.ens-cachan.fr/index-en.php}    }@MISC{TALARIS,    author = {Research Lab},    howpublished = {{LORIA, Nancy, France}},    title = {TALARIS {(Natural Languaje Processing: Representations, Inferences and Semantics)}},    note = {http://led.loria.fr/dokuwiki/doku.php}    }@MISC{intohylo,    author = {C.\ Areces and D.\ Gor{\'\i}n and G. Hoffman},    title = {{InToHyLo: Inference Tools for Hybrid Logics}},    note = {http://www.glyc.dc.uba.ar/intohylo/}    }%===================================================================% Referencias Paula@incollection{estr:femt09,    author={Estrella, P. and Popescu-Belis, A. and King M.},    title = {The FEMTI guidelines for contextual MT evaluation: principles and tools},    editor = {Daelemans, W. and Hoste, V.},    booktitle={Evaluation of Translation Technology},    publisher = {Linguistica Antverpiensia},    year = {8/2009}    }@article{estr:expe05,    author = {Estrella, P. and Duboue, P.},    title = {Experiments on Language Normalization for Spanish to English Machine Translation},    journal = {Iberoamerican Journal of Artificial Intelligence},    volume = {9},    number = {26},    pages = {29--37},    year = {2005}    }@inproceedings{estr:impr08,  title = {Improving Contextual Quality Models for {MT} Evaluation Based on Evaluators' Feedback},  author = {Estrella, P. and Popescu-Belis, A. and King, M.},  booktitle = {Proceedings of LREC 2008 (6th International Conference on Language Resources and Evaluation)},  year = 2008}@inproceedings{estr:newm07,  title = {A New Method for the Study of Correlations between {MT} Evaluation Metrics and Some Surprising Results},  author = {Estrella, P. and Popescu-Belis, A. and King, M.},  booktitle = {Proceedings of TMI-07 (11th Conference on Theoretical and Methodological Issues in Machine Translation)},  year = 2007  }@inproceedings{estr:howm07,  title = {How Much Data is Needed for Reliable {MT} Evaluation? Using Bootstrapping to Study Human and Automatic Metrics},  author = {Estrella, P. and Hamon, O. and Popescu-Belis, A.},  booktitle = {Proceedings of Machine Translation Summit XI},  year = 2007,  }@inproceedings{pope:estr07,  title = {Generating Usable Formats for Metadata and Annotations in a Large Meeting Corpus},  author = {Popescu-Belis, A. and Estrella, P.},  booktitle = {Proceedings of ACL 2007 (45th International Conference of the Association for Computational Linguistics)},  pages = {93--96},  year = 2007  }@inproceedings{pope:mode06,  title = {A model for context-based evaluation of language processing systems and its application to machine translation evaluation},  author = {Popescu-Belis, A. and Estrella, P. and King, M. and Underwood, N.},  booktitle = {LREC 2006 (Fourth International Conference on Language Resources and Evaluation)},  pages = {691--696},  year = 2006,  }@inproceedings{estr:find05,  title = {Finding the System that Suits you Best: Towards the Normalization of {MT} Evaluation},  author = {Estrella, P. and Popescu-Belis, A. and Underwood, N.},  booktitle = {Proceedings of the 27th International Conference on Translating and the Computer},  year = 2005  }%===================================================================% Referencias Carlos@INPROCEEDINGS{AKS08,  author = {C. Areces and A. Koller and K. Striegnitz},  title = {Referring Expressions as Formulas of Description Logic},  booktitle = {Proceedings of the 5th International Natural Language Generation},  year = {2008},  address = {Salt Fork, OH, USA},}@ARTICLE{ABM01,  author = {C. Areces and P. Blackburn and M. Marx},  title = {Hybrid logics: characterization, interpolation and complexity},  journal = {The Journal of Symbolic Logic},  year = {2001},  volume = {66},  pages = {977--1010},  number = {3},}@INPROCEEDINGS{AF08,  author = {C. Areces and D. Figueira},  title = {Which Semantics for Neighbourhood Semantics?},  booktitle = {Proceedigns of IJCAI 09},  year = {2009},  pages = {671--676},  address = {Pasadena, California, USA},}@INPROCEEDINGS{AFFM08,  author = {C. Areces and D. Figueira and S. Figueira and S. Mera},  title = {Expressive Power and Decidability for Memory Logics},  booktitle = {Logic, Language, Information and Computation},  editors = {W. Hodges and R. de Queiroz},  year = {2008},  volume = {5110},  address = {Edinburgh, Scotland},  series = {Lecture Notes in Computer Science},  pages = {56--68},  publisher = {Springer Berlin / Heidelberg},  note = {Proceedings of {W}o{LLIC} 2008},}@INPROCEEDINGS{AG06,  author = {C. Areces and D. Gor{\'\i}n},  title = {Ordered Resolution with Selection for H(@)},  booktitle = {Proceedings of LPAR 2004},  year = {2005},  editor = {Baader, F. and Voronkov, A.},  volume = {3452},  series = {LNCS},  pages = {125--141},  address = {Montevideo, Uruguay},  publisher = {Springer},}@ARTICLE{ANR01,  author = {Areces, C. and de Nivelle, H. and de Rijke, M.},  title = {Resolution in Modal, Description and Hybrid Logic},  journal = {Journal of Logic and Computation},  year = {2001},  volume = {11},  pages = {717-736},  number = {5},}@INCOLLECTION{arec:hybr05b,  author = {Areces, C. and ten Cate, B.},  title = {Hybrid Logics},  booktitle = {Handbook of Modal Logics},  publisher = {Elsevier},  year = {2006},  editor = {Blackburn, P. and Wolter, F. and van Benthem, J.},  pages = {821--868},}%===================================================================% Referencias Lu@InProceedings{byron09,  author    = {Byron, D.  and  Koller, A.  and  Striegnitz, K.and  Cassell, J.  and  Dale, R.  and  Moore, J.  and  Oberlander,J.},  title     = {Report on the {F}irst {NLG} {C}hallenge on {G}enerating{I}nstructions in {V}irtual {E}nvironments {(GIVE)}},  booktitle = {Proc. of the 12th European Workshop on Natural LanguageGeneration},  year            = {2009},  address   = {Athens, Greece},  publisher = {ACL},  pages     = {165--173}}@inproceedings{blaylock05,  AUTHOR =       {N. Blaylock and J. Allen},  TITLE =        {A collaborative problem-solving model of dialogue},  booktitle =    {Proceedings of the 6th SIGdial Workshop on Discourse andDialogue},  YEAR =         {2005},  pages =        {200--211},  ADDRESS = {Lisbon, Portugal}}@article{lochbaum98, author = {Lochbaum, K.}, title = {A collaborative planning model of intentional structure}, journal = {Comput. Linguist.}, volume = {24}, number = {4}, year = {1998}, issn = {0891-2017}, pages = {525--572}, publisher = {MIT Press}, address = {Cambridge, MA, USA} }@incollection{litman90,  AUTHOR = {D. Litman and J. Allen},  YEAR = {1990},  TITLE = {Discourse Processing and Commonsense Plans},  BOOKTITLE = {Intentions in Communication},  pages = {365--388},  publisher = {MIT Press}}@Article{purver06,  author = "Purver, M.",  title = "{CLARIE}: Handling Clarification Requests in a Dialogue System",  journal = "Research on Language and Computation",  year = 2006,  volume = 4,  number = "2-3",  pages = "259--288"}@ARTICLE{fikes72,  AUTHOR =       {R. Fikes and P. Hart and N. Nilsson},  TITLE =        {Learning and Executing Generalized Robot Plans},  JOURNAL =      {Artificial Intelligence},  YEAR =         {1972},  volume =       {3},  pages =        {251--288}}@TechReport{gerevini05,  author        = {A. Gerevini and D. Long},  title         = {Plan Constraints and Preferences in {PDDL3}},  number        = {R.T. 2005-08-47},  institution   = {Brescia University, Italy},  year          = {2005}}@INPROCEEDINGS{kautz99,  AUTHOR = {H. Kautz and B. Selman},  TITLE = {Unifying {SAT}-based and Graph-based Planning},  BOOKTITLE = {Proc of the IJCAI},  YEAR = 1999,  PAGES = {318--325}}@Article{hoffmann01,  author =   {J. Hoffmann and B. Nebel},  title =    {The {FF} Planning System: Fast Plan Generation Through Heuristic Search},  journal =      "JAIR",  year =     {2001},  volume =   {14},  pages =    {253-302}}@INPROCEEDINGS{hsu06,  author =   {C. Hsu and B. Wah and R. Huang and Y.Chen},  title =    {New Features in {SGPlan} for Handling Soft Constraints and Goal Preferences in {PDDL3.0}},  BOOKTITLE =    {Proc of ICAPS},  year =     {2006}}@incollection{allwood95,  AUTHOR = {Allwood, J.},  YEAR = {1995},  TITLE = {An Activity Based Approach to Pragmatics},  BOOKTITLE = {Abduction, Belief and Context in Dialogue: Studies in Computational Pragmatics},  pages = {47--80},  publisher = {University of G{\"o}teborg}}@PhDThesis{skantze07,  author = {Skantze, G.},  school = {{KTH} - Royal Institute of Technology, Sweden},  title = {Error Handling in Spoken Dialogue Systems},  year = 2007}@PhDThesis{stoia07,  author = {Stoia, L.},  school = {Ohio State University, USA},  title = {Noun Phrase Generation for Situated Dialogs},  year = 2007}@InProceedings{gabsdil03,      AUTHOR = {Gabsdil, M.},      TITLE = {Clarification in Spoken Dialogue Systems},      YEAR = {2003},      BOOKTITLE = {Proc of the AAAI Spring Symposium. Workshop on Natural Language Generation in Spoken and Written Dialogue},      PAGES = {28--35}}@inproceedings{stoia08,  author = {L. Stoia and D. Shockley and D. Byron and E. Fosler-Lussier},  title = {{SCARE}: A Situated Corpus with Annotated Referring Expressions},  booktitle = {Proc of LREC},  year = {2008}}@inproceedings{rieser05, author = {Rieser, V. and Moore, J.}, title = {Implications for generating clarification requests in task-oriented dialogues}, booktitle = {Proc of ACL}, year = {2005}, pages = {239--246} }@article{schegloff87b,  pages = {201--218},  year = {1987},  volume = {8},  title = {Some Sources of Misunderstanding in Talk-in-Interaction},  journal = {Linguistics},  author = {E. Schegloff}}@incollection{Grice75,  AUTHOR = {P. Grice},  TITLE = {Logic and Conversation},  YEAR = 1975,  BOOKTITLE = {Syntax and Semantics: Vol. 3: Speech Acts},  EDITOR = {P. Cole and J. Morgan},  PUBLISHER = {Academic Press},  PAGES = {41-58}}@INPROCEEDINGS{rodriguez04,    author = {K. Rodr{\'i}guez and D. Schlangen},    title = {Form, intonation and function of clarification requests in German task oriented spoken dialogues},    booktitle = {Proc of {SEMDIAL}},    year = {2004},    pages = {101--108}}@InProceedings{ benotti09c,    author = "L. Benotti",    title = "Clarification Potential of Instructions",    booktitle = "The 10th Annual {SIGDIAL} Meeting on Discourse andDialogue",    year = "2009",    address = "London, United Kingdom",    month = "September"}@InProceedings{ benotti09b,    author = "L. Benotti",    title = "Frolog: An accommodating text-adventure game",    booktitle = "The 12th Conference of the European Chapter of theAssociation for Computational Linguistics (EACL-09)",    year = "2009",    month = "April",    address = "Athens, Greece"}@Book{clark96,  address = {New York},  author = {Clark, H.},  publisher = {Cambridge University Press},  title = {Using Language},  year = {1996}}@Book{ginzburg09,  author = {Ginzburg, J.},  publisher = {CSLI Publications},  title = {The interactive Stance: Meaning for Conversation},  year = {2009}}@Book{levinson87,  author = {P. Brown and S. Levinson},  publisher = {Studies in Interactional Sociolinguistics},  title = {Politeness: Some universals in language usage},  year = {1987}}%===================================================================@misc{url:wordnet,   key = {WordNet},   author = {WordNet},   year = 2001,   note = {WordNet -- a Lexical Database for English. URL:   \url{http://www.cogsci.princeton.edu/~wn/}. Site accessed January   31, 2001}}@misc{url:sara,   key = {SARA},   author = {SARA},   year = 2001,   note = {Stichting Academisch Rekencentrum Amsterdam.  URL:   \url{http://www.sara.nl/beowulf/}. Site accessed   January 30, 2001},}@misc{url:dl,   key = {DL},   author = {DL},   year = 2001,   note = {Description Logic Home Page.  URL:   \url{http://dl.kr.org/dl}. Site accessed   January 30, 2001},}@misc{url:umls,   key = {UMLS},   author = {UMLS},   year = 2001,   note = {Unified Medical Language System. URL:   \url{http://www.nlm.nih.gov/research/umls/umlsmain.html}. Site accessed January   31, 2001}}@misc{url:stefi,   key = {STeFI},   author = {STeFI},   year = 2001,   note = {Simulation and Testing for Feature Interaction. URL:   \url{http://www.science.uva.nl/~mdr/Projects/FI}. Site accessed January   31, 2001}}@misc{url:lolali,   key = {LoLaLi},   author = {LoLaLi},   year = 2001,   note = {Logic and Language Links. URL:   \url{http://www.science.uva.nl/~mdr/Projects/LoLaLi}. Site accessed January   31, 2001}}@InProceedings{LutzSattler-AiML-2000,  author =       {C. Lutz and U. Sattler},  title =        {The Complexity of Reasoning with {B}oolean Modal Logic},  booktitle =    {Advances in Modal Logic 2000 (AiML 2000)},  address =      {Leipzig, Germany},  year =         2000}@inCollection{arec:from01,   author =    {Areces, C. and de Rijke, M.},   title =     {From description logic to hybrid logic and back},   booktitle = {Advances in Modal Logic, Volume 3},   publisher = {CSLI Publications},   year =      2001,}@InProceedings{LutzSattler-DL-2000,  author =       {C. Lutz and U. Sattler},  title =        {Mary likes all Cats},  booktitle =    {Proceedings of DL 2000},  address =      {Aachen, Germany},  editor =       {F. Baader and U. Sattler},  month =        {August},  pages =        {213--226},  year =         2000,  series =       {CEUR-WS},  number =       33,  note =         {Proceedings online available from \url{http://SunSITE.Informatik.RWTH-Aachen.DE/Publications/CEUR-WS/Vol-33/}},  publisher =    {RWTH Aachen}}@InProceedings{Lutz-LPAR-99,  author =       "Lutz, C.",  booktitle = "Proceedings of {LPAR'99}",  month =        "September 6 -- 10, ",  series =       "Lecture Notes in Artificial Intelligence",  publisher =    "Springer-Verlag",  title =        "Complexity of Terminological Reasoning Revisited",  year =         "1999",  pages =        "181--200",}@Article{borg:desc95,  author = 	 {A. Borgida},  title = 	 {Description logics in data management},  journal = 	 {IEEE Transactions on Knowlede and Data Engineering},  year = 	 1995,  volume =	 7,  pages =	 {671--682}}@InProceedings{borg:clas89,  author = 	 {A. Borgida and R. Brachman and D. McGuinness and L. Alperin Resnick},  title = 	 {{CLASSIC}: a structural data model for objects},  booktitle = 	 {Proceedings of the ACM SIGMOD International Conference of Management of Data},  pages =	 {59--67},  year =	 1989}@Article{	  horr:opti98,  author	= {Horrocks, I. and Patel-Schneider, P.},  title		= {Optimising Description Logic Subsumption},  journal	= {Journal of Logic and Computation},  number	= 3,  volume	= 9,  year		= 1999}@Article{	  baad:empi94,  author	= {F. Baader and B. Hollunder and B. Nebel and H. Profitlich		  and E. Franconi},  title		= {An Empirical Analysis of Optimization Techniques for		  Terminological Representation Systems or: Making {KRIS} get		  a move on},  journal	= {Journal of Applied Intelligence},  volume	= 4,  pages		= {109--132},  year		= {1994},}@InProceedings{HorrocksTobies-KR-2000,  author =       {I.~Horrocks and S.~Tobies},  title =        {Reasoning with Axioms: Theory and Practice},  booktitle =    {Principles of Knowledge Representation and Reasoning: Proceedings of KR 2000},  year =         2000,  editor =       {A. G. Cohn and F. Giunchiglia and B. Selman},  address =      {San Francisco, CA},  publisher =    {Morgan Kaufmann Publishers},}@InProceedings{haar:high00,  author = 	 {V. Haarslev and R. M\"oller},  title = 	 {High Performance Reasoning with Very Large Knowledge Bases},  booktitle = 	 {Proceedings of DL 2000},  year =	 2000,  address =	 {Aachen, Germany}}@InProceedings{horr:anal00,  author = 	 {I. Horrocks and P. Patel-Schneider and R. Sebastiani},  title = 	 {An Analysis of Empirical Testing for Modal DecisionProcedures},  booktitle = 	 {Methods for Modalities, 1},  crossref =	 {m4m1},  pages =	 {293--324}}@InProceedings{	  pate:dlps98,  author	= {Patel-Schneider, P.},  title		= {{DLP} system description},  crossref      = {dl98},  pages		= {87--89},  note          = {{DLP} is available at \url{http://www.bell-labs.com/user/pfps}},  year		= 1998}@InProceedings{	  arec:expr98,  author	= {Areces, C. and de Rijke, M.},  title		= {Expressiveness Revisited},  pages		= {35--43},  year		= {1998},  crossref      =  {dl98}}@phdThesis{arec:logi00,   author = {Areces, C.},   title =  {Logic Engineering: The Case of Description and   Hybrid Logics},   school = {ILLC, University of Amsterdam},   year =   2000,}@article{buch:deci93,   author =  {Bucheit, M. and Donini, F. and Schaerf, A.},   title =   {Decidable reasoning in terminological knowledge       representation systems},   journal = {Journal of Artificial Intelligence Research},   year =    1993,   volume = 1,   pages = {109--138},}@inProceedings{calv:reas96,   author =    {Calvanese, D.},   title =     {Reasoning with inclusion axioms in description   logics},   booktitle = {Proceedings of ECAI'96},   year =      1996,   pages = {303--307},}@InProceedings{monz:conc00,  author = 	 {C. Monz and J. Ragetli and M. de Rijke},  title = 	 {Concept-Based Computer-Aided Link Generation for ElectronicHandbooks},  booktitle = 	 {Proceedings of the Dutch Information Retrieval Workshop},  year =	 2000}@InProceedings{fens:upml99,  author = 	 {D. Fensel and V. Benjamins and E. Motta and B. Wielinga},  title = 	 {{UPML}: A Framework for     Knowledge System Reuse},  booktitle = 	 {Proceedigns of IJCAI'99},  pages =	 {16-23},  year =	 1999}@Book{schr:know99,  author =	 {A. Schreiber and J. Akkermans and A. Anjewierden and R. de Hoog and N. Shadbolt and W van de Velde and B. Wielinga},  title = 	 {Knowledge Engineering and Management: The CommonKADS Methodology},  publisher = 	 {MIT Press},  year = 	 1999,  address =	 {Cambridge, MA}}@Article{	  blac:hybr98c,  author	= {P. Blackburn and M. Tzakova},  title		= {Hybridizing concept languages},  journal	= {Annals of Mathematics and Artificial Intelligence},  volume	= 24,  pages		= {23--49},  year		= 1998}@InProceedings{arec:tree00,  author = 	 {C. Areces and R. Gennari and J. Heguiabehere and M.  de Rijke},  title = 	 {Tree-Based Heuristics in Modal Theorem Proving},  booktitle = 	 {Proceedings of ECAI'2000},  year =	 2000,  address =	 {Berlin, Germany}}@Article{arec:hybr99,  author = 	 {C. Areces and P. Blackburn and M. Marx},  title = 	 {Hybrid logics: Characterization, Interpolation and Complexity},  journal = 	 {Journal of Symbolic Logic},  year = 	 2000,  note = {To appear}}@incollection {arec:pref99,   AUTHOR = {Areces, C. and de Nivelle, H. and de Rijke, M.},    TITLE = {Prefixed resolution: a resolution method for modal and             description logics},BOOKTITLE = {Automated Deduction---CADE-16 (Trento, 1999)},    PAGES = {187--201},PUBLISHER = {Springer},  ADDRESS = {Berlin},     YEAR = {1999},  MRCLASS = {68T27 (03B45 68T15)}, MRNUMBER = {1 730 384},}@article{arec:comp99,title = {The Computational Complexity of Hybrid Temporal Logics},author = {C. Areces and P. Blackburn and M. Marx},pages = {653--679},volume = {8},number = {5},year = {2000},journal = {Logic Journal of the IGPL}}@InProceedings{	  arec:feat99,  author	= {C. Areces and W. Bouma and M. de Rijke},  title		= {Feature Interaction as a Satisfiability Problem},  booktitle	= {Proceedings of MASCOTS'99},  publisher     = {IEEE Computer Society},  pages         = {339--346},  address       = {Los Alamitos, California},  month		= {October},  year		= {1999}}@inProceedings{doni:expt96,   author =    {Donini, F. and De Giacomo, G. and Massacci, F.},   title =     {{EXPTIME} tableaux for {${\cal ALC}$}},   booktitle = {Proceedings of DL'96},   year =      1996,}@inProceedings{horr:prac99,   author =    {Horrocks, I. and Sattler, U. and Tobies, S.},   title =     {Practical reasoning for expressive description   logics},   booktitle = {Proceedings of LPAR'99},   year =      1999,}@phdThesis{horr:opti97,   author = {Horrocks, I.},   title =  {Optimising Tableaux Decision Procedures for   Description Logics},   school = {University of Manchester},   year =   1997,}@misc{url:aclg,   key = {ACLG},   author = {ACLG},   year = 2001,   note = {Amsterdam Computational Logic Group.  URL:   \url{http://www.science.uva.nl/~mdr/ACLG/}. Site accessed   January 30, 2001},}@Misc{galen00,  key =		 {GALEN},  author =	 {GALEN},  year =	 2001,  note =	 {OpenGALEN. URL: \url{http://www.opengalen.org/}. Site accessed January 30, 2001}}@Misc{url:sw,  key =		 {SWCP},  author =	 {SWCP},  year =	 2001,  note =	 {Semantic Web Community Portal. URL:\url{http://www.semanticweb.org/}. Site accessed January 30, 2001},}@inProceedings{haar:race99,   author =    {Haarslev, V. and M\"oller, R.},   title =     {{RACE} system description},   crossref = {dl99},   pages = {130-132},   year =      1999,}@InProceedings{	  horr:fact99,  author	= {I. Horrocks},  title		= {{F}a{CT} and i{F}a{CT}},  pages         = {133--135},  crossref      = {dl99},  year          = 1999,  note		= {{FACT} is available under the {GNU} public license at\url{http://www.cs.man.ac.uk/~horrocks}}}@article {schm:attr91,   AUTHOR = {Schmidt-Schauss, M. and Smolka, G.},    TITLE = {Attributive concept descriptions with complements},  JOURNAL = {Artificial Intelligence},   VOLUME = 48,     YEAR = 1991,   NUMBER = 1,    PAGES = {1--26},     ISSN = {0004-3702},    CODEN = {AINTBB},  MRCLASS = {68T30 (03D15 68Q15)}, MRNUMBER = {92i:68168},   MRREVR = {Xiang Li},}@PhdThesis{scha:quer94,  author = 	 {A. Schaerf},  title = 	 {Query Answering in Concept-Based Knowledge Representation Systems: Algorithms, Complexity, and Semantic Issues},  school = 	 {Universit\'a di Roma ``La Sapienza''},  year = 	 1994}@Proceedings{m4m1,  title = 	 {Methods for Modalities 1},  year = 	 2000,  editor =	 {C. Areces and E. Franconi and R. Gor{\'e} and  M. de Rijke and H. Schlingloff},  volume =	 {8(3)},  publisher =	 {Logic Journal of the IGPL}}@Proceedings{dl99,  title = 	 {Proceedings of DL'99},  year = 	 1999,  editor =	 {P. Lambrix and A. Borgida and M. Lenzerini, R. M\"oller and P. Patel-Schneider}}@Proceedings{dl98,  title = 	 {Proceedings of DL'98},  year = 	 1998,  editor =	 {E. Franconi and G. De Giacomo and R. MacGregor and                   W. {Nutt} and C. Welty},  note          = {Available at \url{http://sunsite.informatik.rwth-aachen.de/publications/ceur-ws}},}@inproceedings{citeulike:386317,    author = {Johnson, W. L. and Vilhj\'{a}lmsson, H. H. and Marsella, S.},    booktitle = {Artificial Intelligence in Education},    citeulike-article-id = {386317},    keywords = {ai, call, carte, education, games},    posted-at = {2006-02-25 02:02:25},    priority = {5},    title = {Serious games for language learning: How much game, how much AI?},    year = {2005}}