@STRING{jolli   = "Journal of Logic, Language and Information" }
@STRING{jsl     = "Journal of Symbolic Logic" }
@STRING{sl      = "Studia Logica" }
@STRING{jphl    = "Journal of Philosophical Logic" }
@STRING{illc    = "Institute for Logic, Language and Computation, University
                  of Amsterdam" }
@STRING{ai      = "Artificial Intelligence" }
@STRING{amst    = "American Mathematical Society Translations" }
@STRING{jlc     = "Journal of Logic and Computation" }
@STRING{jacm    = "Journal of the Association for Computing Machinery" }

@book{molk:lear09,
title = {Learning and Teaching in the Virtual World of Second Life},
editor = {J. Molka-Danielsen and M. Deutschmann},
publisher  = {Tapir Academic Press},
year = 2009
}

@InProceedings{sagae09,
  author    = {Sagae, K.  and  Christian, G.  and  DeVault, D.  and 
Traum, D.},
  title     = {Towards Natural Language Understanding of Partial Speech
Recognition Results in Dialogue Systems},
  booktitle = {Proceedings of HLT-NAACL 2009},
  year      = {2009},
  publisher = {Association for Computational Linguistics},
  pages     = {53--56},
}



@article{hallett07,
 author = {Hallett, C. and Scott, D. and Power, R.},
 title = {Composing Questions through Conceptual Authoring},
 journal = {Comput. Linguist.},
 volume = {33},
 number = {1},
 year = {2007},
 issn = {0891-2017},
 pages = {105--133},
 publisher = {MIT Press},
 address = {Cambridge, MA, USA},
 }


@InCollection{TraumSigdialBook08,
	title = "A Virtual Human Dialogue Model for Non-team Interaction",
	booktitle = "Recent Trends in Discourse and Dialogue",
	author = "D. Traum and W. Swartout and J. Gratch and S. Marsella",
	editor = "L. Dybkjaer and W. Minker",
	publisher = "Springer",
	year = "2008"
}

@inProceedings{engwall1020,
  title = {Design strategies for a virtual language tutor},
  author = {Engwall, O. and Wik, P. and Beskow, J. and Granstr\"om, G.},
  year = {2004},
  volume = {3},
  booktitle = {Proc.\ of ICSLP-04},
  pages = {1693-1696},
  editor = {Kim, S. and Young, D.},
}

@book{Jones96,
 author = {Jones, K. and Galliers, J.},
 title = {Evaluating Natural Language Processing Systems: An Analysis and Review},
 year = {1996},
 isbn = {3540613099},
 publisher = {Springer-Verlag New York, Inc.},
 }

@incollection{Petrie09,
	AUTHOR       = {Petrie, H. and Bevan, N.},
	booktitle        = {The Universal Access Handbook},
	title      = {The evaluation of accessibility, usability and user experience},
	PUBLISHER    = {CRC Press},
    note         = {In press},
	YEAR         = {2009},
	EDITOR       = {C. Stephanidis},
}

@book{Dybkjaer07,
 author = {Dybkjaer, L. and Hemsen, H. and Minker, W.},
 title = {Evaluation of Text and Speech Systems},
 year = {2007},
 publisher = {Springer Publishing Company, Incorporated},
 }


@techreport{EAG96,
	author={{EAGLES EWG}},
	title={{EAGLES} {E}valuation of {N}atural {L}anguage {P}rocessing {S}ystems },
	institution={Center for Sprogteknologi},
	year={1996},
	type={Final Report},
	number={EAG-EWG-PR.2 (ISBN 87-90708-00-8)}
}

@proceedings{DBLP:conf/dlog/2003handbook,
  editor    = {F. Baader and
               D. Calvanese and
               D. McGuinness and
               D. Nardi and
               P. Patel-Schneider},
  title     = {The Description Logic Handbook: Theory, Implementation,
               and Applications},
  booktitle = {Description Logic Handbook},
  publisher = {Cambridge University Press},
  year      = {2003},
  isbn      = {0-521-78176-0},
}

@article{berger96,
 author = {Berger, A. and Pietra, V. and Pietra, S.},
 title = {A maximum entropy approach to natural language processing},
 journal = {Comput. Linguist.},
 volume = {22},
 number = {1},
 year = {1996},
 issn = {0891-2017},
 pages = {39--71},
 publisher = {MIT Press},
 address = {Cambridge, MA, USA},
 }



@incollection{kehler04,
  year = {2004},
  author = {A. Kehler},
  title = {Discourse Coherence},
  pages = {241--265},
  editors = {L. Horn and G. Ward},
  booktitle = {The Handbook of Pragmatics},
  publisher = {Blackwell},
}

@book{nau04,
 author = {Nau, D. and Ghallab, M. and Traverso, P.},
 title = {Automated Planning: Theory \& Practice},
 year = {2004},
 isbn = {1558608567},
 publisher = {Morgan Kaufmann Publishers Inc.},
 }


@INPROCEEDINGS{siri:pell06,
    author = {E. Sirin and B. Parsia},
    title = {Pellet system description},
    booktitle = {In Proc.\ of DL 2006},
    year = {2006}
}

@inproceedings{Miller2008,
	author={Miller, K.},
	title={{FEIRI}: {E}xtending {ISLE}'s {FEMTI} for the {E}valuation of a {S}pecialized
		{A}pplication in {I}nformation {R}etrieval},
	booktitle={Proc.\ of the ELRA Workshop on Evaluation at 6th LREC},
	year={2008},
	pages={17-23}
}

@inproceedings{Chu2000,
 author = {Chu-Carroll, J. and Nickerson, J.},
 title = {Evaluating automatic dialogue strategy adaptation for a spoken dialogue system},
 booktitle = {Proc.\ of the 1st North American chapter of the ACL conference},
 year = {2000},
 pages = {202--209},
 location = {Seattle, Washington},
 publisher = {Morgan Kaufmann Publishers Inc.},
 }

@inproceedings{benotti10b,
 author = {L. Benotti and P. Estrella and C. Areces},
 title = {Dialogue Systems for Virtual Environments},
 booktitle = {Proc.\ of the NAACL-HLT Young Investigators in the Americas
Workshop},
 year = {2010},
 location = {Los Angeles, California},
 publisher = {Association of Computational Linguistics},
 }

@article{Litman2002,
 author = {Litman, D. and Pan, S.},
 title = {Designing and Evaluating an Adaptive Spoken Dialogue System},
 journal = {User Modeling and User-Adapted Interaction},
 volume = {12},
 number = {2-3},
 year = {2002},
 issn = {0924-1868},
 pages = {111--137},
 publisher = {Kluwer Academic Publishers},
 }

@article{amoia10,
 author = {Amoia, M. and Denis, A. and Benotti, L. and Gardent, C.},
 title = {Evaluating Referring Strategies in Situated Instruction Giving},
 journal = {Topics in Cognitive Science},
 year = {Submitted},
 publisher = {Cognitive Science Society},
 }

Evaluating Referring Strategies in Situated Instruction Giving

@book{ISO14598-1,
	author={ISO/IEC},
	title={{1}4598-{1}:{1}999 ({E}) -- {I}nformation {T}echnology -- {S}oftware {P}roduct
		{E}valuation -- {P}art {1}: {G}eneral {O}verview },
	year={1999},
}

@book{ISO9126-1,
	author={ISO/IEC},
	title={{9}126-{1}:{2}001 ({E}) -- {S}oftware {E}ngineering -- {P}roduct {Q}uality
		-- {P}art {1}:{Q}uality {M}odel },
	year={2001},
}

@article{paradise06,
 author = {Hajdinjak, M. and Mihelic, F.},
 title = {The PARADISE Evaluation Framework: Issues and Findings},
 journal = {Computational Linguistics},
 volume = {32},
 number = {2},
 year = {2006},
 issn = {0891-2017},
 pages = {263--272},
 publisher = {MIT Press},
 }

@inproceedings{Est2005,
	author={Estrella, P. and Popescu-Belis, A. and Underwood, N.},
	title={Finding the System that Suits You Best: Towards the Normalization
		of {MT} Evaluation },
	booktitle={Proc.\ of ASLIB-05},
	year={2005},
	pages={23-34}
}

@inproceedings{Lecoeuche98,
 author = {Lecoeuche, R. and Mellish, C. and Robertson, D.},
 title = {A Framework for Requirements Elicitation through Mixed-Initiative Dialogue},
 booktitle = {Proc.\ {ICRE}-98},
 year = {1998},
 publisher = {IEEE},
 }

@inproceedings{byron-06,
  author = {D. Byron and E. Fosler-Lussier},
  title = {The {OSU} {Q}uake 2004 corpus of two-party situated problem-solving dialogs},
  booktitle = {Proc.\ of the 15th Language Resources and Evaluation Conference 8
(LREC'06)},
  year = {2006},
 }

@inproceedings{HCRC-93,
 author = {Thompson, H. and Anderson, A. and Bard, E. and Doherty-Sneddon, G. and Newlands, A. and Sotillo, C.},
 title = {The {HCRC} Map Task corpus: natural dialogue for speech recognition},
 booktitle = {HLT '93: Proc.\ of the workshop on Human Language Technology},
 year = {1993},
 isbn = {1-55860-324-7},
 pages = {25--30},
 location = {Princeton, New Jersey},
 publisher = {ACL},
 }


@InProceedings{Fabbrizio05,
   author =    {G. Di Fabbrizio and G. Tur and D. Hakkani-T\"ur},
   title =     {Automated {W}izard-of-{O}z for Spoken Dialogue Systems},
   booktitle = {Interspeech-05},
   year =      {2005}
}


@incollection{Dahlback93,
 author = {Dahlb\"{a}ck, N. and J\"{o}nsson, A. and Ahrenberg, L.},
 title = {Wizard of {O}z studies---why and how},
 booktitle = {Readings in intelligent user interfaces},
 year = {1998},
 isbn = {1-55860-444-8},
 pages = {610--619},
 publisher = {Morgan Kaufmann Publishers Inc.},
 }

@article{Eskenazi09,
 author = {Eskenazi, M.},
 title = {An overview of spoken language technology for education},
 journal = {Speech Commun.},
 volume = {51},
 number = {10},
 year = {2009},
 issn = {0167-6393},
 pages = {832--844},
 publisher = {Elsevier Science Publishers B. V.},
 }

@inproceedings{Doswell05,
 author = {Doswell, J.},
 title = {It's virtually pedagogical: pedagogical agents in mixed reality learning environments},
 booktitle = {Proc.\ of {SIGGRAPH}-05},
 year = {2005},
 pages = {25},
 publisher = {ACM},
 }


@article{Wik09,
 author = {Wik, P. and Hjalmarsson, A.},
 title = {Embodied conversational agents in computer assisted language learning},
 journal = {Speech Commun.},
 volume = {51},
 number = {10},
 year = {2009},
 issn = {0167-6393},
 pages = {1024--1037},
 publisher = {Elsevier Science Publishers B. V.},
 }


@InProceedings{rayner-EtAl:2009:GEAF,
  author    = {Rayner, M.  and  Estrella, P.  and  Bouillon, P.  and  Hockey, B.  and  Nakao, Y.},
  title     = {Using Artificially Generated Data to Evaluate Statistical Machine Translation},
  booktitle = {Proc.\ of the 2009 Workshop on Grammar Engineering Across
Frameworks (GEAF 2009)},
  year      = {2009},
  publisher = {ACL},
  pages     = {54--62},
}

@misc{multieval,
author={Estrella, P. and Popescu-Belis, A.},
title={Multi-Eval: an evaluation framework for multimodal dialogue annotations},
year={2008},
howpublished={Poster at the Joint IM2 and ASSI},
}

@book{BBW06,
 author = {P. Blackburn and J. van Benthem and F. Wolter},
 title = {Handbook of Modal Logic, Volume 3 (Studies in Logic and Practical Reasoning)},
 year = {2006},
 publisher = {Elsevier Science Inc.},
 }
@article{KR99,
 author = {N. Kurtonina and de M. de Rijke},
 title = {Expressiveness of concept expressions in first-order description logics},
 journal = {Artif. Intell.},
 volume = {107},
 number = {2},
 year = {1999},
 issn = {0004-3702},
 pages = {303--333},
 publisher = {Elsevier Science Publishers Ltd.},
 }
@article{KR97,
 author = {N. Kurtonina and M. de Rijke},
 title = {Simulating without Negation},
 journal = {Journal of Logic and Computation},
 volume = {7},
 year = {1997},
 pages = {503--524},
 }
@article{PT87,
 author = {R. Paige and R. Tarjan},
 title = {Three partition refinement algorithms},
 journal = {SIAM J. Comput.},
 volume = {16},
 number = {6},
 year = {1987},
 issn = {0097-5397},
 pages = {973--989},
 publisher = {Society for Industrial and Applied Mathematics},
 }
@article{S08,
 author = {D. Sangiorgi},
 title = {On the origins of bisimulation and coinduction},
 journal = {ACM Trans. Program. Lang. Syst.},
 volume = {31},
 number = {4},
 year = {2009},
 issn = {0164-0925},
 pages = {1--41},
 publisher = {ACM},
 }

%===================================================================
% Referencias Paula

@incollection{estr:femt09,
    author={Estrella, P. and Popescu-Belis, A. and King, M.},
    title = {The FEMTI guidelines for contextual MT evaluation: principles and tools},
    editor = {Daelemans, W. and Hoste, V.},
    booktitle={Evaluation of Translation Technology},
    publisher = {Linguistica Antverpiensia},
    year = {2009}
    }

@article{estr:expe05,
    author = {Estrella, P. and Duboue, P.},
    title = {Experiments on Language Normalization for Spanish to English Machine Translation},
    journal = {Iberoamerican Journal of Artificial Intelligence},
    volume = {9},
    number = {26},
    pages = {29--37},
    year = {2005}
    }

@inproceedings{estr:impr08,
  title = {Improving Contextual Quality Models for {MT} Evaluation Based on Evaluators' Feedback},
  author = {Estrella, P. and Popescu-Belis, A. and King, M.},
  booktitle = {Proc.\ of LREC-08},
  year = 2008
}

@inproceedings{estr:newm07,
  title = {A New Method for the Study of Correlations between {MT} Evaluation Metrics and Some Surprising Results},
  author = {Estrella, P. and Popescu-Belis, A. and King, M.},
  booktitle = {Proc.\ of TMI-07 (11th Conference on Theoretical and
Methodological Issues in Machine Translation)},
  year = 2007
  }

@inproceedings{estr:howm07,
  title = {How Much Data is Needed for Reliable {MT} Evaluation? Using Bootstrapping to Study Human and Automatic Metrics},
  author = {Estrella, P. and Hamon, O. and Popescu-Belis, A.},
  booktitle = {Proc.\ of Machine Translation Summit XI},
  year = 2007,
  }

@inproceedings{pope:estr07,
  title = {Generating Usable Formats for Metadata and Annotations in a Large Meeting Corpus},
  author = {Popescu-Belis, A. and Estrella, P.},
  booktitle = {Proc.\ of ACL 2007 (45th International Conference of the ACL)},
  pages = {93--96},
  year = 2007
  }

@inproceedings{pope:mode06,
  title = {A model for context-based evaluation of language processing systems and its application to machine translation evaluation},
  author = {Popescu-Belis, A. and Estrella, P. and King, M. and Underwood, N.},
  booktitle = {LREC 2006 (Fourth International Conference on Language Resources and Evaluation)},
  pages = {691--696},
  year = 2006,
  }
@inproceedings{estr:find05,
  title = {Finding the System that Suits you Best: Towards the Normalization of {MT} Evaluation},
  author = {Estrella, P. and Popescu-Belis, A. and Underwood, N.},
  booktitle = {Proc.\ of the 27th International Conference on Translating and
the Computer},
  year = 2005
  }

%===================================================================
% Referencias Carlos


@INPROCEEDINGS{Hoffmann2007,
  author = {Hoffmann, G. and Areces, C.},
  title = {HTab: A Terminating Tableaux System for Hybrid Logic},
  booktitle = {Proc.\ of Methods for Modalities 5},
  year = {2007},
  timestamp = {2007.10.25}
}


@INPROCEEDINGS{AKS08,
  author = {C. Areces and A. Koller and K. Striegnitz},
  title = {Referring Expressions as Formulas of Description Logic},
  booktitle = {Proc.\ of INLG-08},
  year = {2008},
}
@INPROCEEDINGS{AFFM08,
  author = {C. Areces and D. Figueira and S. Figueira and S. Mera},
  title = {Expressive Power and Decidability for Memory Logics},
  booktitle = {Logic, Language, Information and Computation},
  editors = {W. Hodges and R. de Queiroz},
  year = {2008},
  volume = {5110},
  series = {LNCSs},
  pages = {56--68},
  publisher = {Springer},
}
@INPROCEEDINGS{AG06,
  author = {C. Areces and D. Gor{\'\i}n},
  title = {Ordered Resolution with Selection for ${H}(@)$},
  booktitle = {Proc.\ of LPAR 2004},
  year = {2005},
  editor = {Baader, F. and Voronkov, A.},
  volume = {3452},
  series = {LNCS},
  pages = {125--141},
  publisher = {Springer},
}

@INCOLLECTION{arec:hybr05b,
  author = {Areces, C. and ten Cate, B.},
  title = {Hybrid Logics},
  booktitle = {Handbook of Modal Logics},
  publisher = {Elsevier},
  year = {2006},
  editor = {Blackburn, P. and Wolter, F. and van Benthem, J.},
  pages = {821--868},
}


%===================================================================
% Referencias Lu

@inproceedings{foster-etal-ijcai2009,
    author = {M. Foster and M. Giuliani and A. Isard and C. Matheson
      and J. Oberlander and A. Knoll},
    title = {Evaluating Description and Reference Strategies in a Cooperative Human-Robot
        Dialogue System},
    booktitle = {Proc.\ of {IJCAI}-09},
    year = 2009,
}


@InProceedings{benotti07,
  author =   {L. Benotti},
  title =    {Incomplete Knowledge and Tacit Action: Enlightened Update in a Dialogue Game},
  booktitle =    {Proc.\ of the {SEMDIAL} Workshop on the Semantics and
Pragmatics of Dialogue ({DECALOG} 2007)},
  year =     {2007},
}

Piwek, P., D. Hardcastle and R. Power (2007). Dialogue Games for Crosslingual
Communication, In: L. Vieu and R. Artstein (eds.), Proceedings of DECALOG, The
2007 Workshop on the Semantics and Pragmatics of Dialogue, University of Trento,
Italy, pp. 117-124.

@InProceedings{piwek07,
  author =   {Piwek, P., D. Hardcastle and R. Power},
  title =    {Dialogue Games for Crosslingual Communication},
  booktitle =    {Proc.\ of the {SEMDIAL} Workshop on the Semantics and
Pragmatics of Dialogue ({DECALOG} 2007)},
  year =     {2007},
  pages = {117--124}
}


@InProceedings{byron09,
  author    = {Byron, D.  and  Koller, A.  and  Striegnitz, K.
and  Cassell, J.  and  Dale, R.  and  Moore, J.  and  Oberlander,
J.},
  title     = {Report on the {1}st {GIVE} Challenge},
  booktitle = {Proc.\ of ENLG},
  year            = {2009},
  pages     = {165--173}
}

@PhDthesis{blaylock05a,
  author = {N. Blaylock},
  title = {Towards tractable agent-based dialogue},
  school = {University of Rochester, Department of Computer Science},
  year = 2005
}


@article{lochbaum98,
 author = {Lochbaum, K.},
 title = {A collaborative planning model of intentional structure},
 journal = {Comput. Linguist.},
 volume = {24},
 number = {4},
 year = {1998},
 issn = {0891-2017},
 pages = {525--572},
 publisher = {MIT Press},
 }


@incollection{litman90,
  AUTHOR = {D. Litman and J. Allen},
  YEAR = {1990},
  TITLE = {Discourse Processing and Commonsense Plans},
  BOOKTITLE = {Intentions in Communication},
  pages = {365--388},
  publisher = {MIT Press}
}

@Article{purver06,
  author = "Purver, M.",
  title = "{CLARIE}: Handling Clarification Requests in a Dialogue System",
  journal = "Research on Language and Computation",
  year = 2006,
  volume = 4,
  number = "2-3",
  pages = "259--288"
}

@ARTICLE{fikes72,
  AUTHOR =       {R. Fikes and P. Hart and N. Nilsson},
  TITLE =        {Learning and Executing Generalized Robot Plans},
  JOURNAL =      {Artificial Intelligence},
  YEAR =         {1972},
  volume =       {3},
  pages =        {251--288}
}

@TechReport{gerevini05,
  author        = {A. Gerevini and D. Long},
  title         = {Plan Constraints and Preferences in {PDDL3}},
  number        = {R.T. 2005-08-47},
  institution   = {Brescia University, Italy},
  year          = {2005}
}

@TechReport{areces10,
  author        = {C. Areces and S. Figueira},
  title         = {Characterization, complexity and optimized algorithms},
  number        = {PICT-2010-0688},
  institution   = {Proyectos de Investigación Cient\'ifica y Tecnol\'ogica
(PICT), Agencia Nacional de Promoci\'on cient\'ifica y Tecnol\'ogica,
Argentina},
  note          = {Submitido a la convocatoria PICT Bicentenario},
  year		= 2010
}

@TechReport{areces10b,
  author        = {C. Areces and L. Benotti and P. Estrella},
  title         = {Sistemas de Di\'alogo para Entornos Virtuales},
  number        = {PICT-2010-0306},
  institution   = {Agencia Nacional de Promoci\'on cient\'ifica y Tecnol\'ogica,
Argentina},
  note          = {Submitido a la convocatoria PICT asociada al Proyecto de
Investigación y Desarrollo para la Radicaci\'on de Investigadores (PIDRI)},
  year		= 2010
}

@INPROCEEDINGS{kautz99,
  AUTHOR = {H. Kautz and B. Selman},
  TITLE = {Unifying {SAT}-based and Graph-based Planning},
  BOOKTITLE = {Proc of the IJCAI},
  YEAR = 1999,
  PAGES = {318--325}
}

@PhDThesis{petrick06,
  author =  "R. Petrick",
  title =   "A Knowledge-level approach for effective acting, sensing, and
planning",
  school =  "Department of Computer Science, University of Toronto",
  year =    2006
}

@Article{hoffmann01,
  author =   {J. Hoffmann and B. Nebel},
  title =    {The {FF} Planning System: Fast Plan Generation Through Heuristic Search},
  journal =      "JAIR",
  year =     {2001},
  volume =   {14},
  pages =    {253-302}
}

@INPROCEEDINGS{hsu06,
  author =   {C. Hsu and B. Wah and R. Huang and Y.
Chen},
  title =    {New Features in {SGPlan} for Handling Soft Constraints and Goal Preferences in {PDDL3.0}},
  BOOKTITLE =    {Proc of ICAPS},
  year =     {2006}
}


@incollection{allwood95,
  AUTHOR = {Allwood, J.},
  YEAR = {1995},
  TITLE = {An Activity Based Approach to Pragmatics},
  BOOKTITLE = {Abduction, Belief and Context in Dialogue: Studies in Computational Pragmatics},
  pages = {47--80},
  publisher = {University of G{\"o}teborg}
}

@PhDThesis{skantze07,
  author = {Skantze, G.},
  school = {{KTH} - Royal Institute of Technology, Sweden},
  title = {Error Handling in Spoken Dialogue Systems},
  year = 2007
}

@PhDThesis{stoia07,
  author = {Stoia, L.},
  school = {Ohio State University, USA},
  title = {Noun Phrase Generation for Situated Dialogs},
  year = 2007
}

@InProceedings{gabsdil03,
      AUTHOR = {Gabsdil, M.},
      TITLE = {Clarification in Spoken Dialogue Systems},
      YEAR = {2003},
      BOOKTITLE = {Proc of the AAAI Spring Symposium. Workshop on Natural Language Generation in Spoken and Written Dialogue},
      PAGES = {28--35}
}

@inproceedings{stoia08,
  author = {L. Stoia and D. Shockley and D. Byron and E. Fosler-Lussier},
  title = {{SCARE}: A Situated Corpus with Annotated Referring Expressions},
  booktitle = {Proc of LREC},
  year = {2008}
}

@inproceedings{rieser05,
 author = {Rieser, V. and Moore, J.},
 title = {Implications for generating clarification requests in task-oriented dialogues},
 booktitle = {Proc of ACL},
 year = {2005},
 pages = {239--246}
 }


@article{schegloff87b,
  pages = {201--218},
  year = {1987},
  volume = {8},
  title = {Some Sources of Misunderstanding in Talk-in-Interaction},
  journal = {Linguistics},
  author = {E. Schegloff}
}

@Book{austin62,
	title = "How to do Things with Words",
	author = "J. Austin",
	publisher = "Oxford University Press",
	year = 1962
}

@incollection{grice75,
  AUTHOR = {P. Grice},
  TITLE = {Logic and Conversation},
  YEAR = 1975,
  BOOKTITLE = {Syntax and Semantics: Vol. 3: Speech Acts},
  EDITOR = {P. Cole and J. Morgan},
  PUBLISHER = {Academic Press},
  PAGES = {41-58}
}

@INPROCEEDINGS{rodriguez04,
    author = {K. Rodr{\'i}guez and D. Schlangen},
    title = {Form, intonation and function of clarification requests in German task oriented spoken dialogues},
    booktitle = {Proc of {SEMDIAL}},
    year = {2004},
    pages = {101--108}
}

@InProceedings{ benotti08,
	title = "Accommodation through tacit sensing",
	booktitle = "Proc.\ of the {SEMDIAL} 2008 Workshop on the Semantics
and Pragmatics of
Dialogue ({LONDIAL} 2008)",
	author = "L. Benotti",
	year = "2008"
}

@InProceedings{ benotti09a,
	title = "A computational account of comparative implicatures for a
spoken dialogue agent",
	booktitle = "Proc.\ of IWCS-8",
	author = "L. Benotti and D. Traum",
	year = "2009"
}


@InProceedings{ benotti09c,
    author = "L. Benotti",
    title = "Clarification Potential of Instructions",
  booktitle = {Proceedings of the SIGDIAL 2009 Conference},
  year      = {2009},
  publisher = {ACL},
  pages     = {196--205},
}

@InProceedings{benotti09b,
    author = "L. Benotti",
    title = "Frolog: An accommodating text-adventure game",
  booktitle = {Proceedings of the Demonstrations Session at the 12th Conference
of the European Chapter of the ACL (EACL 2009)},
  year      = {2009},
  publisher = {ACL},
  pages     = {1--4},

}

@PhDThesis{devault08,
  author = {D. DeVault},
  school = {Department of Computer Science, Rutgers, The
State University of New Jersey, New Brunswick, USA},
  title = {Contribution Tracking: Participating in Task-Oriented Dialogue under
Uncertainty},
  year = 2008
}

@PhDThesis{benotti10,
  author = {L. Benotti},
  school = {Universit\'e Henri Poincar\'e, INRIA Nancy Grand Est, Francia},
  title = {Implicature as an Interactive Process},
  year = 2010
}

@PhDThesis{estrella08,
  author = {P. Estrella},
  school = {Escuela de Traducción e Interpretación, Universidad de Ginebra,
Suiza},
  title = {Evaluation of Machine Translation: towards a user-customised quality
model},
  year = 2008,
  note = {Menci\'on Tr\`es honorable avec f\'elicitation du jury}
}

@article{reiter09,
 author = {Reiter, E. and Belz, A.},
 title = {An investigation into the validity of some metrics for automatically
evaluating natural language generation systems},
 journal = {Comput. Linguist.},
 volume = {35},
 number = {4},
 year = {2009},
 pages = {529--558},
 publisher = {MIT Press},
 }


@Article{estrella10,
  author = 	 {Estrella, P. and Popescu-Belis, A. and King, M.},
  title = 	 {The FEMTI guidelines for
contextual MT evaluation: principles and tools},
  journal = 	 {Evaluation of Translation Technology, Linguistica
Antverpiensia, New Series},
  year = 	 2010,
  note =	 {Submitted}
}

@Book{clark96,
  author = {Clark, H.},
  publisher = {Cambridge University Press},
  title = {Using Language},
  year = {1996}
}

@Book{ginzburg09,
  author = {Ginzburg, J.},
  publisher = {CSLI Publications},
  title = {The interactive Stance: Meaning for Conversation},
  year = {2009},
  note = {In Press}
}

@Book{levinson87,
  author = {P. Brown and S. Levinson},
  publisher = {Studies in Interactional Sociolinguistics},
  title = {Politeness: Some universals in language usage},
  year = {1987}
}

%===================================================================


@InProceedings{LutzSattler-AiML-2000,
  author =       {C. Lutz and U. Sattler},
  title =        {The Complexity of Reasoning with {B}oolean Modal Logic},
  booktitle =    {Advances in Modal Logic 2000 (AiML 2000)},
  year =         2000
}

@inCollection{arec:from01,
   author =    {Areces, C. and de Rijke, M.},
   title =     {From description logic to hybrid logic and back},
   booktitle = {Advances in Modal Logic, Volume 3},
   publisher = {CSLI Publications},
   year =      2001,
}


@InProceedings{LutzSattler-DL-2000,
  author =       {C. Lutz and U. Sattler},
  title =        {Mary likes all Cats},
  booktitle =    {Proc.\ of DL 2000},
  editor =       {F. Baader and U. Sattler},
  pages =        {213--226},
  year =         2000,
  series =       {CEUR-WS},
  number =       33,
publisher =    {RWTH Aachen}
}

@InProceedings{Lutz-LPAR-99,
  author =       "Lutz, C.",
  booktitle = "Proc.\ of {LPAR'99}",
  series =       "Lecture Notes in Artificial Intelligence",
  publisher =    "Springer-Verlag",
  title =        "Complexity of Terminological Reasoning Revisited",
  year =         "1999",
  pages =        "181--200",
}

@Article{borg:desc95,
  author = 	 {A. Borgida},
  title = 	 {Description logics in data management},
  journal = 	 {IEEE Transactions on Knowlede and Data Engineering},
  year = 	 1995,
  volume =	 7,
  pages =	 {671--682}
}


@InProceedings{borg:clas89,
  author = 	 {A. Borgida and R. Brachman and D. McGuinness and L. Alperin Resnick},
  title = 	 {{CLASSIC}: a structural data model for objects},
  booktitle = 	 {Proc.\ of the ACM SIGMOD International Conference of
Management of Data},
  pages =	 {59--67},
  year =	 1989
}

@Article{	  horr:opti98,
  author	= {Horrocks, I. and Patel-Schneider, P.},
  title		= {Optimising Description Logic Subsumption},
  journal	= {Journal of Logic and Computation},
  number	= 3,
  volume	= 9,
  year		= 1999
}


@Article{	  baad:empi94,
  author	= {F. Baader and B. Hollunder and B. Nebel and H. Profitlich
		  and E. Franconi},
  title		= {An Empirical Analysis of Optimization Techniques for
		  Terminological Representation Systems or: Making {KRIS} get
		  a move on},
  journal	= {Journal of Applied Intelligence},
  volume	= 4,
  pages		= {109--132},
  year		= {1994},
}

@InProceedings{HorrocksTobies-KR-2000,
  author =       {I.~Horrocks and S.~Tobies},
  title =        {Reasoning with Axioms: Theory and Practice},
  booktitle =    {Principles of Knowledge Representation and Reasoning: Proc.\
of KR 2000},
  year =         2000,
  editor =       {A. G. Cohn and F. Giunchiglia and B. Selman},
  publisher =    {Morgan Kaufmann Publishers},
}





@InProceedings{haar:high00,
  author = 	 {V. Haarslev and R. M\"oller
},
  title = 	 {High Performance Reasoning with Very Large Knowledge Bases},
  booktitle = 	 {Proc.\ of DL 2000},
  year =	 2000,
}

@InProceedings{horr:anal00,
  author = 	 {I. Horrocks and P. Patel-Schneider and R. Sebastiani},
  title = 	 {An Analysis of Empirical Testing for Modal Decision
Procedures},
  booktitle = 	 {Methods for Modalities, 1},
  crossref =	 {m4m1},
  pages =	 {293--324}
}

@InProceedings{	  pate:dlps98,
  author	= {Patel-Schneider, P.},
  title		= {{DLP} system description},
  crossref      = {dl98},
  pages		= {87--89},
  year		= 1998
}

@InProceedings{	  arec:expr98,
  author	= {Areces, C. and de Rijke, M.},
  title		= {Expressiveness Revisited},
  pages		= {35--43},
  year		= {1998},
  crossref      =  {dl98}
}

@phdThesis{arec:logi00,
   author = {Areces, C.},
   title =  {Logic Engineering: The Case of Description and
   Hybrid Logics},
   school = {ILLC, University of Amsterdam},
   year =   2000,
}
@article{buch:deci93,
   author =  {Bucheit, M. and Donini, F. and Schaerf, A.},
   title =   {Decidable reasoning in terminological knowledge
       representation systems},
   journal = {Journal of Artificial Intelligence Research},
   year =    1993,
   volume = 1,
   pages = {109--138},
}
@inProceedings{calv:reas96,
   author =    {Calvanese, D.},
   title =     {Reasoning with inclusion axioms in description
   logics},
   booktitle = {Proc.\ of ECAI'96},
   year =      1996,
   pages = {303--307},
}

@InProceedings{monz:conc00,
  author = 	 {C. Monz and J. Ragetli and M. de Rijke},
  title = 	 {Concept-Based Computer-Aided Link Generation for Electronic
Handbooks},
  booktitle = 	 {Proc.\ of the Dutch Information Retrieval Workshop},
  year =	 2000
}


@InProceedings{fens:upml99,
  author = 	 {D. Fensel and V. Benjamins and E. Motta and B. Wielinga},
  title = 	 {{UPML}: A Framework for
     Knowledge System Reuse},
  booktitle = 	 {Proceedigns of IJCAI'99},
  pages =	 {16-23},
  year =	 1999
}



@Book{schr:know99,
  author =	 {A. Schreiber and J. Akkermans and A. Anjewierden and R. de Hoog and N. Shadbolt and W van de Velde and B. Wielinga},
  title = 	 {Knowledge Engineering and Management: The CommonKADS Methodology},
  publisher = 	 {MIT Press},
  year = 	 1999,
}

@Article{	  blac:hybr98c,
  author	= {P. Blackburn and M. Tzakova},
  title		= {Hybridizing concept languages},
  journal	= {Annals of Mathematics and Artificial Intelligence},
  volume	= 24,
  pages		= {23--49},
  year		= 1998
}

@InProceedings{arec:tree00,
  author = 	 {C. Areces and R. Gennari and J. Heguiabehere and M.  de Rijke},
  title = 	 {Tree-Based Heuristics in Modal Theorem Proving},
  booktitle = 	 {Proc.\ of ECAI'2000},
  year =	 2000,
}

@ARTICLE{arec:hybr01,
  author = {Areces, C. and Blackburn, P. and Marx, M.},
  title = {Hybrid logics: characterization, interpolation and complexity},
  journal = {The Journal of Symbolic Logic},
  year = {2001},
  volume = {66},
  pages = {977--1010},
  number = {3},
}

@ARTICLE{arec:reso01,
  author = {Areces, C. and de Nivelle, H. and de Rijke, M.},
  title = {Resolution in Modal, Description and Hybrid Logic},
  journal = {Journal of Logic and Computation},
  year = {2001},
  volume = {11},
  pages = {717-736},
  number = {5},
}

@incollection {arec:pref99,
   AUTHOR = {Areces, C. and de Nivelle, H. and de Rijke, M.},
    TITLE = {Prefixed resolution: a resolution method for modal and
             description logics},
BOOKTITLE = {Automated Deduction---CADE-16 (Trento, 1999)},
    PAGES = {187--201},
PUBLISHER = {Springer},
     YEAR = {1999},
  MRCLASS = {68T27 (03B45 68T15)},
 MRNUMBER = {1 730 384},
}

@ARTICLE{arec:reso10,
  author = {Areces, C. and Gor{\'\i}n, D.},
  title = {Resolution with Order and Selection for Hybrid Logics},
  journal = {Accepted for publication in the Journal of Automated Reasoning},
  year = {2010},
}

@article{arec:comp99,
title = {The Computational Complexity of Hybrid Temporal Logics},
author = {C. Areces and P. Blackburn and M. Marx},
pages = {653--679},
volume = {8},
number = {5},
year = {2000},
journal = {Logic Journal of the IGPL}
}

@InProceedings{	  arec:feat99,
  author	= {C. Areces and W. Bouma and M. de Rijke},
  title		= {Feature Interaction as a Satisfiability Problem},
  booktitle	= {Proc.\ of MASCOTS'99},
  publisher     = {IEEE Computer Society},
  pages         = {339--346},
  year		= {1999}
}

@inProceedings{doni:expt96,
   author =    {Donini, F. and De Giacomo, G. and Massacci, F.},
   title =     {{EXPTIME} tableaux for {${\cal ALC}$}},
   booktitle = {Proc.\ of DL'96},
   year =      1996,
}
@inProceedings{horr:prac99,
   author =    {Horrocks, I. and Sattler, U. and Tobies, S.},
   title =     {Practical reasoning for expressive description
   logics},
   booktitle = {Proc.\ of LPAR'99},
   year =      1999,
}

@inProceedings{haar:race99,
   author =    {Haarslev, V. and M\"oller, R.},
   title =     {{RACE} system description},
   crossref = {dl99},
   pages = {130-132},
   year =      1999,
}

@InProceedings{	  horr:fact99,
  author	= {I. Horrocks},
  title		= {{F}a{CT} and i{F}a{CT}},
  pages         = {133--135},
  crossref      = {dl99},
  year          = 1999,
  note		= {{FACT} is available under the {GNU} public license at
\url{http://www.cs.man.ac.uk/~horrocks}}
}

@article {schm:attr91,
   AUTHOR = {Schmidt-Schauss, M. and Smolka, G.},
    TITLE = {Attributive concept descriptions with complements},
  JOURNAL = {Artificial Intelligence},
   VOLUME = 48,
     YEAR = 1991,
   NUMBER = 1,
    PAGES = {1--26},
     ISSN = {0004-3702},
    CODEN = {AINTBB},
  MRCLASS = {68T30 (03D15 68Q15)},
 MRNUMBER = {92i:68168},
   MRREVR = {Xiang Li},
}

@PhdThesis{scha:quer94,
  author = 	 {A. Schaerf},
  title = 	 {Query Answering in Concept-Based Knowledge Representation Systems: Algorithms, Complexity, and Semantic Issues},
  school = 	 {Universit\'a di Roma ``La Sapienza''},
  year = 	 1994
}

@Proceedings{m4m1,
  title = 	 {Methods for Modalities 1},
  year = 	 2000,
  editor =	 {C. Areces and E. Franconi and R. Gor{\'e} and  M. de Rijke and H. Schlingloff},
  volume =	 {8(3)},
  publisher =	 {Logic Journal of the IGPL}
}

@Proceedings{dl99,
  title = 	 {Proc.\ of DL'99},
  year = 	 1999,
  editor =	 {P. Lambrix and A. Borgida and M. Lenzerini, R. M\"oller and P. Patel-Schneider}
}

@Proceedings{dl98,
  title = 	 {Proc.\ of DL'98},
  year = 	 1998,
  editor =	 {E. Franconi and G. De Giacomo and R. MacGregor and                   W. {Nutt} and C. Welty},
}

@inproceedings{citeulike:386317,
    author = {Johnson, W. and Vilhj\'{a}lmsson, H.  and Marsella, S.},
    booktitle = {Artificial Intelligence in Education},
    citeulike-article-id = {386317},
    title = {Serious games for language learning: How much game, how much {AI}?},
    year = {2005}
}
